
@article{changjin_meaning_2010,
	title = {暗物质粒子探测:意义、方法、进展及展望},
	issn = {1674-4969},
	shorttitle = {暗物质粒子探测},
	abstract = {本文回顾了暗物质发现的历史,介绍了暗物质粒子探测方法和目前国际最新观测结果,重点讨论了空间探测暗物质粒子的技术方法和可能的突破点,就我国开展暗物质粒子空间探测提出了一些建议。},
	language = {chinese},
	number = {02},
	urldate = {2015-09-10},
	journal = {工程研究-跨学科视野中的工程},
	author = {常 进},
	year = {2010},
	note = {00005},
	keywords = {Dark matter, space observation, 暗物质, 空间探测},
	pages = {95--99},
}

@article{changjin_introduction_2014,
	title = {Dark {Matter} {Particle} {Explorer}: {The} {First} {Chinese} {Cosmic} {Ray} and {Hard} γ-ray {Detector} in {Space}},
	volume = {34},
	shorttitle = {Dark {Matter} {Particle} {Explorer}},
	url = {http://www.cjss.ac.cn/CN/article/downloadArticleFile.do?attachType=PDF&id=2067},
	number = {5},
	urldate = {2015-06-02},
	journal = {Chinese Journal of Space Science},
	author = {Jin, CHANG},
	year = {2014},
	keywords = {dampe},
	pages = {550--557},
}

@article{changjin_introduction_2013,
	title = {暗物质粒子探测卫星介绍},
	language = {chinese},
	urldate = {2015-09-10},
	journal = {2013中国天文学会学术年会文集},
	author = {常 进},
	year = {2013},
	note = {00000},
	keywords = {探测卫星},
	pages = {1}
}


@article{planck_collaboration_planck_2014,
	title = {Planck 2013 results. {I}. {Overview} of products and scientific results},
	volume = {571},
	issn = {0004-6361, 1432-0746},
	url = {http://arxiv.org/abs/1303.5062},
	doi = {10.1051/0004-6361/201321529},
	urldate = {2016-03-28},
	journal = {Astronomy \& Astrophysics},
	author = {Planck Collaboration and Ade, P. A. R. and Aghanim, N. and Alves, M. I. R. and Armitage-Caplan, C. and Arnaud, M. and Ashdown, M. and Atrio-Barandela, F. and Aumont, J. and Aussel, H. and Baccigalupi, C. and Banday, A. J. and Barreiro, R. B. and Barrena, R. and Bartelmann, M. and Bartlett, J. G. and Bartolo, N. and Basak, S. and Battaner, E. and Battye, R. and Benabed, K. and Benoît, A. and Benoit-Lévy, A. and Bernard, J.-P. and Bersanelli, M. and Bertincourt, B. and Bethermin, M. and Bielewicz, P. and Bikmaev, I. and Blanchard, A. and Bobin, J. and Bock, J. J. and Böhringer, H. and Bonaldi, A. and Bonavera, L. and Bond, J. R. and Borrill, J. and Bouchet, F. R. and Boulanger, F. and Bourdin, H. and Bowyer, J. W. and Bridges, M. and Brown, M. L. and Bucher, M. and Burenin, R. and Burigana, C. and Butler, R. C. and Calabrese, E. and Cappellini, B. and Cardoso, J.-F. and Carr, R. and Carvalho, P. and Casale, M. and Castex, G. and Catalano, A. and Challinor, A. and Chamballu, A. and Chary, R.-R. and Chen, X. and Chiang, H. C. and Chiang, L.-Y. and Chon, G. and Christensen, P. R. and Churazov, E. and Church, S. and Clemens, M. and Clements, D. L. and Colombi, S. and Colombo, L. P. L. and Combet, C. and Comis, B. and Couchot, F. and Coulais, A. and Crill, B. P. and Cruz, M. and Curto, A. and Cuttaia, F. and Da Silva, A. and Dahle, H. and Danese, L. and Davies, R. D. and Davis, R. J. and de Bernardis, P. and de Rosa, A. and de Zotti, G. and Déchelette, T. and Delabrouille, J. and Delouis, J.-M. and Démoclès, J. and Désert, F.-X. and Dick, J. and Dickinson, C. and Diego, J. M. and Dolag, K. and Dole, H. and Donzelli, S. and Doré, O. and Douspis, M. and Ducout, A. and Dunkley, J. and Dupac, X. and Efstathiou, G. and Elsner, F. and Enßlin, T. A. and Eriksen, H. K. and Fabre, O. and Falgarone, E. and Falvella, M. C. and Fantaye, Y. and Fergusson, J. and Filliard, C. and Finelli, F. and Flores-Cacho, I. and Foley, S. and Forni, O. and Fosalba, P. and Frailis, M. and Fraisse, A. A. and Franceschi, E. and Freschi, M. and Fromenteau, S. and Frommert, M. and Gaier, T. C. and Galeotta, S. and Gallegos, J. and Galli, S. and Gandolfo, B. and Ganga, K. and Gauthier, C. and Génova-Santos, R. T. and Ghosh, T. and Giard, M. and Giardino, G. and Gilfanov, M. and Girard, D. and Giraud-Héraud, Y. and Gjerløw, E. and González-Nuevo, J. and Górski, K. M. and Gratton, S. and Gregorio, A. and Gruppuso, A. and Gudmundsson, J. E. and Haissinski, J. and Hamann, J. and Hansen, F. K. and Hansen, M. and Hanson, D. and Harrison, D. L. and Heavens, A. and Helou, G. and Hempel, A. and Henrot-Versillé, S. and Hernández-Monteagudo, C. and Herranz, D. and Hildebrandt, S. R. and Hivon, E. and Ho, S. and Hobson, M. and Holmes, W. A. and Hornstrup, A. and Hou, Z. and Hovest, W. and Huey, G. and Huffenberger, K. M. and Hurier, G. and Ilić, S. and Jaffe, A. H. and Jaffe, T. R. and Jasche, J. and Jewell, J. and Jones, W. C. and Juvela, M. and Kalberla, P. and Kangaslahti, P. and Keihänen, E. and Kerp, J. and Keskitalo, R. and Khamitov, I. and Kiiveri, K. and Kim, J. and Kisner, T. S. and Kneissl, R. and Knoche, J. and Knox, L. and Kunz, M. and Kurki-Suonio, H. and Lacasa, F. and Lagache, G. and Lähteenmäki, A. and Lamarre, J.-M. and Langer, M. and Lasenby, A. and Lattanzi, M. and Laureijs, R. J. and Lavabre, A. and Lawrence, C. R. and Jeune, M. Le and Leach, S. and Leahy, J. P. and Leonardi, R. and León-Tavares, J. and Leroy, C. and Lesgourgues, J. and Lewis, A. and Li, C. and Liddle, A. and Liguori, M. and Lilje, P. B. and Linden-Vørnle, M. and Lindholm, V. and López-Caniego, M. and Lowe, S. and Lubin, P. M. and Macías-Pérez, J. F. and MacTavish, C. J. and Maffei, B. and Maggio, G. and Maino, D. and Mandolesi, N. and Mangilli, A. and Marcos-Caballero, A. and Marinucci, D. and Maris, M. and Marleau, F. and Marshall, D. J. and Martin, P. G. and Martínez-González, E. and Masi, S. and Massardi, M. and Matarrese, S. and Matsumura, T. and Matthai, F. and Maurin, L. and Mazzotta, P. and McDonald, A. and McEwen, J. D. and McGehee, P. and Mei, S. and Meinhold, P. R. and Melchiorri, A. and Melin, J.-B. and Mendes, L. and Menegoni, E. and Mennella, A. and Migliaccio, M. and Mikkelsen, K. and Millea, M. and Miniscalco, R. and Mitra, S. and Miville-Deschênes, M.-A. and Molinari, D. and Moneti, A. and Montier, L. and Morgante, G. and Morisset, N. and Mortlock, D. and Moss, A. and Munshi, D. and Murphy, J. A. and Naselsky, P. and Nati, F. and Natoli, P. and Negrello, M. and Nesvadba, N. P. H. and Netterfield, C. B. and Nørgaard-Nielsen, H. U. and North, C. and Noviello, F. and Novikov, D. and Novikov, I. and O'Dwyer, I. J. and Orieux, F. and Osborne, S. and O'Sullivan, C. and Oxborrow, C. A. and Paci, F. and Pagano, L. and Pajot, F. and Paladini, R. and Pandolfi, S. and Paoletti, D. and Partridge, B. and Pasian, F. and Patanchon, G. and Paykari, P. and Pearson, D. and Pearson, T. J. and Peel, M. and Peiris, H. V. and Perdereau, O. and Perotto, L. and Perrotta, F. and Pettorino, V. and Piacentini, F. and Piat, M. and Pierpaoli, E. and Pietrobon, D. and Plaszczynski, S. and Platania, P. and Pogosyan, D. and Pointecouteau, E. and Polenta, G. and Ponthieu, N. and Popa, L. and Poutanen, T. and Pratt, G. W. and Prézeau, G. and Prunet, S. and Puget, J.-L. and Pullen, A. R. and Rachen, J. P. and Racine, B. and Rahlin, A. and Räth, C. and Reach, W. T. and Rebolo, R. and Reinecke, M. and Remazeilles, M. and Renault, C. and Renzi, A. and Riazuelo, A. and Ricciardi, S. and Riller, T. and Ringeval, C. and Ristorcelli, I. and Robbers, G. and Rocha, G. and Roman, M. and Rosset, C. and Rossetti, M. and Roudier, G. and Rowan-Robinson, M. and Rubiño-Martín, J. A. and Ruiz-Granados, B. and Rusholme, B. and Salerno, E. and Sandri, M. and Sanselme, L. and Santos, D. and Savelainen, M. and Savini, G. and Schaefer, B. M. and Schiavon, F. and Scott, D. and Seiffert, M. D. and Serra, P. and Shellard, E. P. S. and Smith, K. and Smoot, G. F. and Souradeep, T. and Spencer, L. D. and Starck, J.-L. and Stolyarov, V. and Stompor, R. and Sudiwala, R. and Sunyaev, R. and Sureau, F. and Sutter, P. and Sutton, D. and Suur-Uski, A.-S. and Sygnet, J.-F. and Tauber, J. A. and Tavagnacco, D. and Taylor, D. and Terenzi, L. and Texier, D. and Toffolatti, L. and Tomasi, M. and Torre, J.-P. and Tristram, M. and Tucci, M. and Tuovinen, J. and Türler, M. and Tuttlebee, M. and Umana, G. and Valenziano, L. and Valiviita, J. and Van Tent, B. and Varis, J. and Vibert, L. and Viel, M. and Vielva, P. and Villa, F. and Vittorio, N. and Wade, L. A. and Wandelt, B. D. and Watson, C. and Watson, R. and Wehus, I. K. and Welikala, N. and Weller, J. and White, M. and White, S. D. M. and Wilkinson, A. and Winkel, B. and Xia, J.-Q. and Yvon, D. and Zacchei, A. and Zibin, J. P. and Zonca, A.},
	month = nov,
	year = {2014},
	note = {arXiv: 1303.5062},
	keywords = {Astrophysics - Cosmology and Nongalactic Astrophysics},
	pages = {A1},
}


@article{begeman_extended_1991,
	title = {Extended rotation curves of spiral galaxies: dark haloes and modified dynamics},
	volume = {249},
	issn = {0035-8711, 1365-2966},
	shorttitle = {Extended rotation curves of spiral galaxies},
	url = {http://mnras.oxfordjournals.org/content/249/3/523},
	doi = {10.1093/mnras/249.3.523},
	language = {en},
	number = {3},
	urldate = {2016-03-28},
	journal = {MNRAS},
	author = {Begeman, K. G. and Broeils, A. H. and Sanders, R. H.},
	month = apr,
	year = {1991},
	pages = {523--537},
}

@article{bosma1978distribution,
  title={The distribution and kinematics of neutral hydrogen in spiral galaxies of various morphological types},
  author={Bosma, Albert},
  year={1978}
}

@article{rubin1980rotational,
  title={Rotational properties of 21 SC galaxies with a large range of luminosities and radii, from NGC 4605/R= 4kpc/to UGC 2885/R= 122 kpc},
  author={Rubin, Vera C and Ford Jr, W Kent and Thonnard, Norbert},
  journal={The Astrophysical Journal},
  volume={238},
  pages={471--487},
  year={1980}
}

@article{zwicky1933spectral,
  title={Spectral displacement of extra galactic nebulae},
  author={Zwicky, Fritz},
  journal={Helv. Phys. Acta},
  volume={6},
  number={110-127},
  pages={15},
  year={1933}
}

@article{毕效军2006寻找宇宙中的暗物质,
  title={寻找宇宙中的暗物质},
  author={毕效军},
  journal={科技导报},
  volume={9},
  pages={003},
  year={2006}
}

@article{bullet_cluster,
	title = {A {Direct} {Empirical} {Proof} of the {Existence} of {Dark} {Matter}},
	volume = {648},
	issn = {1538-4357},
	url = {http://stacks.iop.org/1538-4357/648/i=2/a=L109},
	doi = {10.1086/508162},
	language = {english},
	number = {2},
	urldate = {2016-03-28},
	journal = {ApJ},
	author = {Clowe, Douglas and Bradač, Maruša and Gonzalez, Anthony H. and Markevitch, Maxim and Randall, Scott W. and {Christine Jones} and Zaritsky, Dennis},
	year = {2006},
	pages = {L109}
}