% vim:ts=4:sw=4

@manual{hamamatsu,
	edition = {3a},
	title = {Photomultiplier tubes: basics and applications},
	%url =  {http://www.hamamatsu.com/resources/pdf/etd/PMT_handbook_v3aE.pdf},
		type = {M},
	author = {{Hamamatsu Photonics K. K.}}
}

@misc{ej-200,
	title = {{EJ}-200 {Data} {Sheet}},
		type = {Z/OL},
	%url =  {http://www.eljentechnology.com/index.php/component/content/article/31-general/48-ej-200}
}


@article{pdg_book,
	title = {Review of {Particle} {Physics}},
	volume = {38},
	issn = {1674-1137},
	%url =  {http://iopscience.iop.org/1674-1137/38/9/090001},
	doi = {10.1088/1674-1137/38/9/090001},
	language = {en},
	number = {9},
		type = {J},
	%urldate {2015-08-17},
	journal = {Chinese Physics C},
	author = {Olive, K. A. and Group, Particle Data},
	month = aug,
	year = {2014},
	pages = {090001},
}

@techreport{psd_tdr,
	address = {兰州},
	type = {Technical {Design} {Report}},
	title = {塑闪阵列探测器分系统初样详细设计报告},
	language = {chinese},
	institution = {中国科学院近代物理研究所},
	author = {余玉洪 and 孔洁 and 杨鹏 and 赵红赟},
	year = {2015},
		type = {R},
	note = {00000},
	keywords = {dampe, eqm, psd, technical design report},
	pages = {119},
}


@inproceedings{ams02_tof,
  title={Performance of AMS-02 Time of Flight},
  author={Bindi, V and Casadei, D and Castellini, G and Cindolo, F and Contin, A and Costa, F and Giovacchini, F and Laurenti, G and Levi, G and Oliva, A and others},
  booktitle={International Cosmic Ray Conference},
  volume={9},
  pages={41},
  	type = {A},
  year={2005}
}

@phdthesis{yanghaibo_thesis,
	title = {{基于先进ASIC芯片的多探测单元信号读出方法与电路设计}},
	school = {中国科学院研究生院（近代物理研究所）},
	author = {杨海波},
	year = {2015},
		type = {D},
	language = {chinese}
}


@article{fengchangqing_eqm,
	title = {Design of the {Readout} {Electronics} for the {Qualification} {Model} of {DAMPE} {BGO} {Calorimeter}},
	%url =  {http://arxiv.org/abs/1406.3886},
	%urldate {2015-08-24},
	journal = {arXiv preprint arXiv:1406.3886},
	author = {Feng, Changqing and Zhang, Deliang and Zhang, Junbin and Gao, Shanshan and Yang, Di and Zhang, Yunlong and Liu, Shubin and An, Qi},
	year = {2014},
	note = {00002},
		type = {J},
	keywords = {bgo, dampe, va160},
}