
@book{birks_book_2013,
	title = {The {Theory} and {Practice} of {Scintillation} {Counting}: {International} {Series} of {Monographs} in {Electronics} and {Instrumentation}},
	isbn = {978-1-4831-5606-4},
	shorttitle = {The {Theory} and {Practice} of {Scintillation} {Counting}},
	language = {en},
	publisher = {Elsevier},
	author = {Birks, J. B.},
	year = {2013},
		type = {M},
	keywords = {Technology \& Engineering / Engineering (General)}
}


@article{birks_article_1951,
	title = {Scintillations from organic crystals: specific fluorescence and relative response to different radiations},
	volume = {64},
	shorttitle = {Scintillations from organic crystals},
	number = {10},
		type = {J},
	%urldate {2015-08-17},
	journal = {Proceedings of the Physical Society. Section A},
	author = {Birks, John Betteley},
	year = {1951},
	pages = {874},
}


@article{chou_nature_1952,
	title = {The {Nature} of the {Saturation} {Effect} of {Fluorescent} {Scintillators}},
	volume = {87},
	%url =  {http://link.aps.org/doi/10.1103/PhysRev.87.904},
	doi = {10.1103/PhysRev.87.904},
	abstract = {DOI:},
		type = {J},
	number = {5},
	%urldate {2015-08-19},
	journal = {Phys. Rev.},
	author = {Chou, C. N.},
	year = {1952},
	note = {00085},
	pages = {904--905},
}


@article{tarle_cosmic_1979,
	title = {Cosmic ray isotope abundances from chromium to nickel},
	volume = {230},
	%url =  {http://adsabs.harvard.edu/full/1979ApJ...230..607T},
	%urldate {2015-08-19},
	journal = {The astrophysical Journal},
	author = {Tarle, G. and Ahlen, S. P. and Cartwright, B. G.},
	year = {1979},
	note = {00036},
		type = {J},
	pages = {607--620},
}

@article{voltz_influence_1966,
	title = {Influence of the {Nature} of {Ionizing} {Particles} on the {Specific} {Luminescence} of {Organic} {Scintillators}},
	volume = {45},
	issn = {0021-9606, 1089-7690},
	%url =  {http://scitation.aip.org/content/aip/journal/jcp/45/9/10.1063/1.1728106},
	doi = {10.1063/1.1728106},
	number = {9},
	%urldate {2015-08-19},
	journal = {The Journal of Chemical Physics},
	author = {Voltz, R. and Silva, J. Lopes da and Laustriat, G. and Coche, A.},
	month = nov,
	year = {1966},
	note = {00075},
		type = {J},
	keywords = {Alpha particles, Collisional energy loss, Helium-3, Luminescence, Photons},
	pages = {3306--3311},
}

@article{wright_scintillation_1953,
	title = {Scintillation {Response} of {Organic} {Phosphors}},
	volume = {91},
	%url =  {http://link.aps.org/doi/10.1103/PhysRev.91.1282.2},
	doi = {10.1103/PhysRev.91.1282.2},
	abstract = {DOI:},
	number = {5},
	%urldate {2015-08-19},
	journal = {Phys. Rev.},
	author = {Wright, G. T.},
	month = sep,
		type = {J},
	year = {1953},
	note = {00100},
	pages = {1282--1283},
}

@article{matsufuji_response_1999,
	title = {The response of a {NE}102 scintillator to passing-through relativistic heavy ions},
	volume = {437},
	issn = {0168-9002},
	%url =  {http://www.sciencedirect.com/science/article/pii/S016890029900755X},
	doi = {10.1016/S0168-9002(99)00755-X},
	number = {2–3},
	%urldate {2015-08-19},
		type = {J},
	journal = {Nuclear Instruments and Methods in Physics Research Section A: Accelerators, Spectrometers, Detectors and Associated Equipment},
	author = {Matsufuji, Naruhiro and Kanai, Tatsuaki and Komami, Hideaki and Kohno, Toshiyuki},
	month = nov,
	year = {1999},
	note = {00007},
	keywords = {heavy ion, high energy, NE102, quenching effect, relativistic heavy ion, response, ΔE},
	pages = {346--353},
}

@inproceedings{bindi_performance_2005,
	title = {Performance of {AMS}-02 {Time} of {Flight}},
	volume = {9},
	%url =  {http://adsabs.harvard.edu/full/2005ICRC....9...41B},
	%urldate {2014-03-21},
		type = {A},
	booktitle = {International {Cosmic} {Ray} {Conference}},
	author = {Bindi, V. and Casadei, D. and Castellini, G. and Cindolo, F. and Contin, A. and Costa, F. and Giovacchini, F. and Laurenti, G. and Levi, G. and Oliva, A.},
	year = {2005}
}

@article{atten_karsch_design_2001,
	title = {Design and test of a large-area scintillation detector for fast neutrons},
	volume = {460},
	issn = {0168-9002},
	%url =  {http://www.sciencedirect.com/science/article/pii/S016890020001072X},
	doi = {10.1016/S0168-9002(00)01072-X},
	number = {2–3},
	%urldate {2015-09-06},
		type = {J},
	journal = {Nuclear Instruments and Methods in Physics Research Section A: Accelerators, Spectrometers, Detectors and Associated Equipment},
	author = {Karsch, L. and Böhm, A. and Brinkmann, K. -Th. and Demirörs, L. and Pfuff, M.},
	month = mar,
	year = {2001},
	note = {00013},
	keywords = {Medium energy, neutron detection, Neutron efficiency, Plastic scintillator array},
	pages = {362--367},
}

@article{atten_taiuti_measurement_1996,
	title = {Measurement of the response of long plastic scintillator bars for the large angle electromagnetic shower calorimeter for {CLAS}},
	volume = {370},
	%url =  {http://www.sciencedirect.com/science/article/pii/0168900295008489},
	number = {2},
	%urldate {2015-09-05},
	journal = {Nuclear Instruments and Methods in Physics Research Section A: Accelerators, Spectrometers, Detectors and Associated Equipment},
	author = {Taiuti, M. and Rossi, P. and Morandotti, R. and Anghinolfi, M. and Avakian, H. and Battaglieri, M. and Bianchi, N. and Corvisiero, P. and DeSanctis, E. and Giourjian, V. and {others}},
		type = {J},
	year = {1996},
	note = {00007},
	pages = {429--434},
}

@misc{photonis_photomultiplier,
  title={PHOTOMULTIPLIER TUBES: principles \& applications.[Online] 2002},
  	type = {M},
  author={Flyckt, SO and Marmonier, Carole}
}