@online{leetro,
	author = {Leetro {Automation} {Co}. Ltd.},
	title ={MPC07SP Motion Controller},
	%url =  {http://www.leetro.com/english/},
		type = {Z/OL},
	%urldate {2015-06-11},
}

@online{sy1527lc,
	author = {CAEN S.p.A.},
	title = {{SY}1527LC / {Power} {Supply} {System} - {Mainframes} {\textbar} {CAEN}},
		type = {Z/OL},
	%url =  {http://www.caentechnologies.com/csite},
	%urldate {2015-07-14}
}

@online{afg3252,
	author = {Tektronix},
	title = {{AFG}3000 {Function} {Generator} {AFG}3000C {Arbitrary}/{Function} {Generator} {Datasheet}},
		type = {Z/OL},
	%url =  {http://www.tek.com/datasheet/afg3000-function-generator/afg3000c-series-datasheet},
	%urldate {2015-07-28},
}

@article{yuyuhong_led,
Author = {Yu, Yu Hong and Xu, Hua Gen and Zhan, Wen Long and Xu, Hu Shan and Su, Hong
   and Li, Xiao Gang and Sun, Zhi Yu and Xiao, Zhi Gang and Hu, Zheng Guo and
   Guo, Zhong Yan and Wang, Jian Song and Chen, Ruo Fu and Fan, Rui Rui and
   Zheng Chuan},
Title = {{Study of the LED based light calibration system for neutron wall
   detector}},
   	type = {J},
Journal = {{HIGH ENERGY PHYSICS AND NUCLEAR PHYSICS-CHINESE EDITION}},
Year = {{2007}},
Volume = {{31}},
Number = {{6}},
Pages = {{581-585}},
Month = {{JUN}},
ISSN = {{0254-3052}},
}

@online{afg3000_programmer_manual,
	title = {{AFG}3000 {Series} {Arbitrary}/{Function} {Generators} {Programmer} {Manual}},
	%url =  {http://www.tek.com/signal-generator/afg3000-manual/afg3000-series-2},
	%urldate {2015-04-26},
		type = {Z/OL},
	author = {Check, Domain},
}

@online{integrating_sphere,
	author = {沐澜光学（上海）有限公司},
	title = {0.1m/0.15m/0.2m/0.25m铝合金积分球},
		type = {Z/OL},
	%url =  {http://www.mulansphere.com/products-100.html},
	%urldate {2015-06-14},
}

@online{optical_fibre,
	author = {南京春辉科技实业有限公司},
	title = {PCS石英光纤},
		type = {Z/OL},
	%url =  {http://www.china-light-guides.com/},
	%urldate {2015-07-28},
}

@online{ni_visa,
	author = {National Instruments},
	title = {National Instruments {VISA} Library},
	%url =  {http://www.ni.com/visa/},
		type = {Z/OL},
	%urldate {2015-08-02}
}

@misc{pdcurses,
	author = {William McBrine},
	title = {{PDCurses} - {Public} {Domain} {Curses}},
	%url =  {http://pdcurses.sourceforge.net/},
		type = {Z/OL},
	%urldate {2015-06-11},
}