@phdthesis{zhangyongjie_thesis_2015,
	type = {D},
	title = {电性件塑闪阵列探测器的研制},
	school = {西北师范大学},
	author = {永杰, 张},
	year = {2015}
}

@article{bar_test_2015,
	title = {批量塑闪单元条测试技术的研究},
	volume = {38},
	issn = {0253-3219},
	url = {http://www.j.sinap.ac.cn/hejishu/CN/abstract/abstract451.shtml},
	doi = {10.11889/j.0253-3219.2015.hjs.38.080403},
	abstract = {寻找暗物质粒子是目前最有影响力的前沿课题之一，广泛受到世界各国重视。我国启动了暗物质粒子探测卫星(Dark Matter Particles Explorer, DAMPE)先导专项，致力研究这一科学问题。暗物质粒子探测卫星有效载荷由塑闪阵列探测器(Plastic Scintillator Detector Array, PSD)、硅阵列探测器、BGO (Bi2O3-GeO2)量能器以及中子探测器组成，用于探测5 GeV?10 TeV高能电子、γ及重离子能谱。中国科学院近代物理研究所承担了塑闪阵列探测器的研制工作，塑闪阵列探测器由82根塑闪单元模块采用横竖交叉结构组成，主要协助BGO量能器区分γ事件和电子事件，并作为硅阵列探测器的备份，探测Z=1?20的重离子事件。由于塑闪单元条模块存在较大的差异，所以搭建了一套具有较高测试效率的塑闪单元条批量测试平台，并对塑闪单元条进行宇宙线测试，得到其基本性能参数，如光衰减曲线、光衰减长度、相对光产额、能量分辨率以及探测效率。这为后续筛选出一致性较好并能满足功能需求的82根单元条提供了依据。},
	language = {chinese},
	number = {8},
	urldate = {2015-08-25},
	journal = {核技术},
	author = {张永杰，余玉洪，周 勇，孙志宇，方 芳，陈俊岭，刘 and Yongjie, Zhang and Yuhong, Y. U. and Yong, Zhou and Zhiyu, S. U. N. and Fang, Fang and Junling, Chen and Jie, L. I. U.},
	month = aug,
	year = {2015},
	note = {00000},
	pages = {80403--080403},
	file = {Full Text PDF:/Users/yong/Library/Application Support/Zotero/Profiles/9z4ucssq.default/zotero/storage/K269EVAE/杰 et al. - 2015 - 批量塑闪单元条测试技术的研究, Development of a test bench for pl.pdf:application/pdf;Snapshot:/Users/yong/Library/Application Support/Zotero/Profiles/9z4ucssq.default/zotero/storage/RBPVWU5I/80403.html:text/html}
}

@manual{hamamatsu,
	edition = {3a},
	title = {Photomultiplier tubes: basics and applications},
	url = {http://www.hamamatsu.com/resources/pdf/etd/PMT_handbook_v3aE.pdf},
	author = {{Hamamatsu Photonics K. K.}}
}