@article{ams02_tof_Bindi201422,
title = "Calibration and performance of the AMS-02 time of flight detector in space ",
journal = "Nuclear Instruments and Methods in Physics Research Section A: Accelerators, Spectrometers, Detectors and Associated Equipment ",
volume = "743",
number = "",
pages = "22 - 29",
year = "2014",
note = "",
issn = "0168-9002",
	type = {J},
doi = "http://dx.doi.org/10.1016/j.nima.2014.01.002",
%url =  "http://www.sciencedirect.com/science/article/pii/S0168900214000102",
author = "V. Bindi and G.M. Chen and H.S. Chen and E. Choumilov and V. Choutko and A. Contin and A. Lebedev and Y.S. Lu and N. Masi and A. Oliva and F. Palmonari and L. Quadrani and Q. Yan",
keywords = "AMS",
keywords = "TOF",
keywords = "Scintillator",
keywords = "Calibration",
keywords = "Charge",
keywords = "Velocity ",
}

