
@article{yanghaibo__2015,
	title = {高密度塑料闪烁体探测器的数据获取系统设计},
	volume = {49},
	language = {chinese},
	number = {10},
	urldate = {2016-04-13},
	journal = {原子能科学技术，第四作者},
	year = {2015},
	keywords = {own-related},
	pages = {1882--1887（核心）}
}


@article{yong_versatile,
  title={A versatile test bench for photomultiplier tube characterization and its application in the DAMPE-PSD},
  author={Zhou, Yong and Sun, Zhi-Yu and Yu, Yu-Hong and Zhang, Yong-Jie and Fang, Fang and Chen, Jun-Ling and Hu, Bi-Tao},
  journal={Nuclear Science and Techniques},
  volume={27},
  number={3},
  pages={1--8~(SCI)},
  year={2016},
  publisher={Springer},
  keywords={own-first}
}

@article{zhou_design_2016,
  title={A large dynamic range readout design for the plastic scintillator detector of DAMPE},
  author={Zhou, Yong and Sun, Zhiyu and Yu, Yuhong and Zhang, Yongjie and Fang, Fang and Chen, Junling and Hu, Bitao},
  journal={Nuclear Instruments and Methods in Physics Research Section A: Accelerators, Spectrometers, Detectors and Associated Equipment},
  volume={827},
  pages={79--84~(SCI)},
  year={2016},
  publisher={Elsevier},
  keywords={own-first}
}


@article{dampe-psd,
	title = {{DAMPE}-{PSD探测单元模块大动态范围读出方案的实验验证}},
	language = {chinese},
  author = {周勇 and 余玉洪 and 孙志宇 },
	journal = {Accepted by 原子核物理评论 (核心)},
	keywords = {own-first}
}