
@article{_dampe-psd_????,
	title = {{DAMPE}-{PSD探测单元模块大动态范围读出方案的实验验证}},
	language = {chinese},
	journal = {原子核物理评论},
	author = {勇, 周 and 玉洪, 余 and 志宇, 孙 and 永杰, 张 and 芳, 方 and 俊岭, 陈 and 碧涛, 胡}
}